%% This BibTeX bibliography file was created using BibDesk.
%% https://bibdesk.sourceforge.io/

%% Created for Alyssa Huang at 2020-05-28 21:07:28 -0400 


%% Saved with string encoding Unicode (UTF-8) 





@book{fuzzingbook2020,
	Author = {Andreas Zeller and Rahul Gopinath and Marcel B{\"o}hme and Gordon Fraser and Christian Holler},
	Booktitle = {The Fuzzing Book},
	Howpublished = {\url{https://www.fuzzingbook.org/html/00_Table_of_Contents.html}},
	Note = {Retrieved 2020-01-21 11:54:50+01:00},
	Publisher = {Saarland University},
	Title = {The Fuzzing Book},
	Url = {https://www.fuzzingbook.org/html/00_Table_of_Contents.html},
	Urldate = {2020-01-21 11:54:50+01:00},
	Year = {2020},
	Bdsk-Url-1 = {https://www.fuzzingbook.org/html/00_Table_of_Contents.html}}

@article{8636353,
	Author = {S. {Sargsyan} and S. {Kurmangaleev} and M. {Mehrabyan} and M. {Mishechkin} and T. {Ghukasyan} and S. {Asryan}},
	Booktitle = {2018 Ivannikov Memorial Workshop (IVMEM)},
	Pages = {32-35},
	Title = {Grammar-Based Fuzzing},
	Year = {2018}}
	
@INPROCEEDINGS{7958599,
  author={J. {Wang} and B. {Chen} and L. {Wei} and Y. {Liu}},
  booktitle={2017 IEEE Symposium on Security and Privacy (SP)}, 
  title={Skyfire: Data-Driven Seed Generation for Fuzzing}, 
  year={2017},
  volume={},
  number={},
  pages={579-594},}